<?xml version="1.0" encoding="UTF-8"?><collection xmlns="http://www.loc.gov/MARC21/slim"><record><leader>00542nam--2200205-u-4500</leader><controlfield tag="001">000050470</controlfield><controlfield tag="002">20161230</controlfield><controlfield tag="005">20161230201048</controlfield><controlfield tag="008">070403s1000------------r-----000-0-eng-d</controlfield><datafield ind1=" " ind2=" " tag="020"><subfield code="a">981256795X</subfield></datafield><datafield ind1=" " ind2=" " tag="040"><subfield code="a">IFIN-HH</subfield></datafield><datafield ind1=" " ind2=" " tag="080"><subfield code="a">519.2:519.72:53.08</subfield></datafield><datafield ind1="1" ind2=" " tag="100"><subfield code="a">James, Frederick</subfield></datafield><datafield ind1="1" ind2="0" tag="245"><subfield code="a">Statistical methods in experimental physics</subfield><subfield code="c">Frederick james</subfield></datafield><datafield ind1=" " ind2=" " tag="250"><subfield code="a">2nd Edition</subfield></datafield><datafield ind1=" " ind2=" " tag="260"><subfield code="a">New Jersey</subfield><subfield code="b">World Scientific</subfield><subfield code="c">2006</subfield></datafield><datafield ind1=" " ind2=" " tag="300"><subfield code="a">345 p</subfield></datafield><datafield ind1=" " ind2="4" tag="650"><subfield code="a">Probability</subfield></datafield><datafield ind1=" " ind2=" " tag="852"><subfield code="a">81874</subfield><subfield code="c">519.24</subfield></datafield><datafield ind1=" " ind2=" " tag="CAT"><subfield code="a">Sys</subfield><subfield code="c">20130314</subfield><subfield code="h">173146</subfield></datafield></record></collection>